@article{Kermack1927ACT,
  title={A contribution to the mathematical theory of epidemics},
  author={William Ogilvie Kermack and {\`A}. G. Mckendrick},
  journal={Proceedings of The Royal Society A: Mathematical, Physical and Engineering Sciences},
  year={1927},
  volume={115},
  pages={700-721},
  url={https://api.semanticscholar.org/CorpusID:3670796}
}
@inproceedings{Matamoros2020EntradaDV,
  title={Entrada de viajeros y densidad poblacional en la propagaci{\'o}n de la COVID-19 en Cuba},
  author={Larisa Zamora Matamoros and Nelsa Sagar{\'o} del Campo and Luis Eugenio Vald{\'e}s Garc{\'i}a and Ileana Benitez Jimenez},
  year={2020},
  url={https://api.semanticscholar.org/CorpusID:230681159}
}
@article{vidal2020modelos,
  title={Modelos matem{\'a}ticos para el control epidemiol{\'o}gico},
  author={Vidal Ledo, Mar{\'\i}a and Guinovart D{\'\i}az, Ra{\'u}l and Baldoqu{\'\i}n Rodr{\'\i}guez, Waldemar and Valdivia Onega, Nely Cristina and Morales Lezca, Wilfredo},
  journal={Educaci{\'o}n M{\'e}dica Superior},
  volume={34},
  number={2},
  year={2020},
  publisher={Los autores conservan todos los derechos sobre sus obras, las cuales pueden~…}
}
@article{mas2020covid,
  title={La COVID 19 y la pr{\'a}ctica epidemiol{\'o}gica en Cuba COVID 19 and epidemiological practice in Cuba},
  author={Mas Bermejo, Pedro},
  journal={Revista Cubana de Higiene y Epidemiolog{\'\i}a},
  volume={57},
  year={2020},
  publisher={Editorial Ciencias M{\'e}dicas}
}
@article{daaz2020modelo,
  title={Modelo SIR para el seguimiento de la COVID-19 en Cuba},
  author={D{\~A}az, Ra{\~A}{\textordmasculine}l Guinovart and Ugalde, Isidro A Abell{\~A} and Lezca, Wilfredo Morales and Castillero, Julian Bravo and Ramos, Reinaldo Rodr{\~A}guez and Sanju{\~A}, David Guinovart and others},
  journal={Revista de Informaci{\~A}$^3$n cient{\~A}fica para la Direcci{\~A}$^3$n en Salud. INFODIR},
  year={2020}
}
@article{valdes2002impacto,
  title={Impacto econ{\'o}mico de la epidemia de dengue 2 en Santiago de Cuba, 1997},
  author={Vald{\'e}s, Luis and Vila Mizhrahi, Jes{\'u}s and Guzm{\'a}n, Mar{\'\i}a G},
  journal={Revista Cubana de Medicina Tropical},
  volume={54},
  number={3},
  pages={220--227},
  year={2002},
  publisher={1999, Editorial Ciencias M{\'e}dicas}
}
@article{dicker2006principles,
  title={Principles of epidemiology in public health practice; an introduction to applied epidemiology and biostatistics},
  author={Dicker, Richard C and Coronado, Fatima and Koo, Denise and Parrish, R Gibson},
  year={2006}
}
@article{Green2002WhenIA,
  title={When is an epidemic an epidemic?},
  author={Manfred S. Green and Tiberio Swartz and Elana Mayshar and Boaz Lev and Alexander G. Leventhal and Paul E. Slater and Joshua Shemer},
  journal={The Israel Medical Association journal : IMAJ},
  year={2002},
  volume={4 1},
  pages={
          3-6
        },
  url={https://api.semanticscholar.org/CorpusID:38308868}
}
@article{chaple2021vision,
  title={Visi{\'o}n hist{\'o}rico-epidemiol{\'o}gica de la COVID-19 en el segundo mes de la epidemia en Cuba},
  author={Chaple, Enrique Beldarra{\'\i}n and S{\'a}nchez, Ileana R Alfonso and Su{\'a}rez, Ileana Morales and Garc{\'\i}a, Francisco Dur{\'a}n and Bermejo, Pedro M{\'a}s},
  journal={Revista Cubana de Salud P{\'u}blica},
  volume={47},
  number={1},
  pages={1--26},
  year={2021}
}
@article{kouri1986dengue,
  title={Dengue hemorr{\'a}gico en Cuba: Cr{\'o}nica de una epidemia},
  author={Kour{\'\i}, Gustavo P and Guzm{\'a}n, Mar{\'\i}a G and Bravo, Jos{\'e} R},
  journal={Bolet{\'\i}n de la Oficina Sanitaria Panamericana (OSP); 100 (3), mar. 1986},
  year={1986}
}
@article{Burke2024OriginsSEIR,
  author = {Donald S. Burke},
  title = {Origins of the problematic E in SEIR epidemic models},
  journal = {Infectious Disease Modelling},
  volume = {9},
  pages = {673--679},
  year = {2024},
  doi = {10.1016/j.idm.2024.03.003}
}
@article{LimZohren2020TimeSeries,
  author = {Bryan Lim and Stefan Zohren},
  title = {Time Series Forecasting With Deep Learning: A Survey},
  journal = {Phil. Trans. R. Soc. A},
  year = {2020},
  doi = {10.1098/rsta.2020.0209}
}
@article{Datilo2019EpidemicForecasting,
  author = {Philemon Manliura Datilo and Zuhaimy Ismail and Jayeola Dare},
  title = {A Review of Epidemic Forecasting Using Artificial Neural Networks},
  journal = {International Journal of Epidemiologic Research},
  volume = {6},
  number = {3},
  pages = {132--143},
  year = {2019},
  doi = {10.15171/ijer.2019.24}
}
@article{Shinde2020ForecastingCOVID,
  author = {Gitanjali R. Shinde and Asmita B. Kalamkar and Parikshit N. Mahalle and others},
  title = {Forecasting Models for Coronavirus Disease (COVID-19): A Survey of the State-of-the-Art},
  journal = {SN Computer Science},
  volume = {1},
  pages = {197},
  year = {2020},
  doi = {10.1007/s42979-020-00209-9}
}
@article{Mata2021MathematicalEpidemics,
  author = {Angélica S. Mata and Stela M. P. Dourado},
  title = {Mathematical modeling applied to epidemics: an overview},
  journal = {São Paulo Journal of Mathematical Sciences},
  volume = {15},
  pages = {1025--1044},
  year = {2021},
  doi = {10.1007/s40863-021-00268-7}
}
@article{Chowell2016EarlyGrowth,
  author = {Gerardo Chowell and Lisa Sattenspiel and Shweta Bansal and Cécile Viboud},
  title = {Mathematical models to characterize early epidemic growth: A Review},
  journal = {Physics of Life Reviews},
  year = {2016},
  doi = {10.1016/j.plrev.2016.07.005}
}
@article{Moein2021SIRInefficiency,
  author = {Shiva Moein and Niloofar Nickaeen and Amir Roointan and others},
  title = {Inefficiency of SIR models in forecasting COVID-19 epidemic: a case study of Isfahan},
  journal = {Scientific Reports},
  volume = {11},
  pages = {4725},
  year = {2021},
  doi = {10.1038/s41598-021-84055-6}
}
@article{Nowzari2016ComplexNetworks,
  author = {Cameron Nowzari and Victor M. Preciado and George J. Pappas},
  title = {Analysis and Control of Epidemics: A Survey of Spreading Processes on Complex Networks},
  journal = {IEEE Control Systems Magazine},
  volume = {36},
  pages = {26--46},
  year = {2016},
  doi = {10.1109/MCS.2015.2495000}
}
@article{Rizzo2020AutoSEIR,
  author = {Stefano Giovanni Rizzo and Giovanna Vantini and Mohamad Saad and Sanjay Chawla},
  title = {AutoSEIR: Accurate Forecasting from Real-time Epidemic Data Using Machine Learning},
  journal = {medRxiv preprint},
  year = {2020},
  doi = {10.1101/2020.07.25.20159715}
}
@article{Baccega2024Sybil,
  author = {Daniele Baccega and Paolo Castagno and Antonio Fernández Anta and Matteo Sereno},
  title = {Enhancing COVID-19 Forecasting Precision through the Integration of Compartmental Models, Machine Learning, and Variants},
  journal = {Scientific Reports},
  volume = {14},
  pages = {19220},
  year = {2024},
  doi = {10.1038/s41598-024-69660-5}
}
@article{Santangelo2023MachineLearning,
  author = {Omar Enzo Santangelo and Vito Gentile and Stefano Pizzo and Domiziana Giordano and Fabrizio Cedrone},
  title = {Machine Learning and Prediction of Infectious Diseases: A Systematic Review},
  journal = {Machine Learning and Knowledge Extraction},
  volume = {5},
  pages = {175--198},
  year = {2023},
  doi = {10.3390/make5010013}
}
@article{Saleem2022MLDLModels,
  author = {Farrukh Saleem and Abdullah Saad AL-Malaise AL-Ghamdi and Madini O. Alassafi and Saad Abdulla AlGhamdi},
  title = {Machine Learning, Deep Learning, and Mathematical Models to Analyze Forecasting and Epidemiology of COVID-19: A Systematic Literature Review},
  journal = {International Journal of Environmental Research and Public Health},
  volume = {19},
  pages = {5099},
  year = {2022},
  doi = {10.3390/ijerph19095099}
}
@article{Rodriguez2022DataCentric,
  author = {Alexander Rodríguez and Harshavardhan Kamarthi and Pulak Agarwal and others},
  title = {Data-Centric Epidemic Forecasting: A Survey},
  journal = {arXiv preprint},
  year = {2022},
  url = {https://arxiv.org/abs/2207.09370}
}
@article{Shah2024COVID19FU,
  title={COVID-19 Forecasting Using Recurrent Neural Network and Machine Learning},
  author={Aahan Shah and Kieu Pham},
  journal={Journal of Student Research},
  year={2024},
  url={https://api.semanticscholar.org/CorpusID:271861746}
}
@article{Stergiou2022MachineLearning,
  author = {Konstantinos D. Stergiou and Georgios M. Minopoulos and Vasileios A. Memos and Christos L. Stergiou and Maria P. Koidou and Konstantinos E. Psannis},
  title = {A Machine Learning-Based Model for Epidemic Forecasting and Faster Drug Discovery},
  journal = {Applied Sciences},
  volume = {12},
  pages = {10766},
  year = {2022},
  doi = {10.3390/app122110766}
}
@inproceedings{Paszke2019PyTorch,
  author = {Adam Paszke and Sam Gross and Francisco Massa and others},
  title = {PyTorch: An Imperative Style, High-Performance Deep Learning Library},
  booktitle = {Advances in Neural Information Processing Systems 33 (NeurIPS 2019)},
  year = {2019},
  url = {https://arxiv.org/abs/1912.01703}
}
@inproceedings{Fey2019PyTorchGeometric,
  author = {Matthias Fey and Jan E. Lenssen},
  title = {Fast Graph Representation Learning with PyTorch Geometric},
  booktitle = {Proceedings of the International Conference on Learning Representations (ICLR)},
  year = {2019},
  url = {https://arxiv.org/abs/1903.02428}
}
@article{Zheng2024HeatGNN,
  author = {Yufan Zheng and Nguyen Quoc Viet Hung and Wei Jiang and Choujun Zhan and Alexander Zhou and Tong Chen},
  title = {Epidemiology-Informed Graph Neural Network for Heterogeneity-Aware Epidemic Forecasting},
  journal = {arXiv preprint},
  year = {2024},
  url = {https://arxiv.org/abs/2411.17372}
}
@inproceedings{Liu2024ReviewGNNs,
  author = {Zewen Liu and Guancheng Wan and B. Aditya Prakash and Max S. Y. Lau and Wei Jin},
  title = {A Review of Graph Neural Networks in Epidemic Modeling},
  booktitle = {Proceedings of the 30th ACM SIGKDD Conference on Knowledge Discovery and Data Mining (KDD)},
  year = {2024},
  doi = {10.1145/3637528.3671455}
}
@article{Croft2023DutchSARS,
  author = {V. Maxime Croft and Senna C. J. L. van Iersel and Cosimo Della Santina},
  title = {Forecasting Infections with Spatio-Temporal Graph Neural Networks: A Case Study of the Dutch SARS-CoV-2 Spread},
  journal = {Frontiers in Physics},
  volume = {11},
  year = {2023},
  doi = {10.3389/fphy.2023.1277052}
}
@article{Panagopoulos_Nikolentzos_Vazirgiannis_2021, 
title={Transfer Graph Neural Networks for Pandemic Forecasting}, 
volume={35}, 
url={https://ojs.aaai.org/index.php/AAAI/article/view/16616}, 
DOI={10.1609/aaai.v35i6.16616}, 
number={6}, 
journal={Proceedings of the AAAI Conference on Artificial Intelligence}, 
author={Panagopoulos, George and Nikolentzos, Giannis and Vazirgiannis, Michalis}, 
year={2021}, 
pages={4838-4845} 
}
@inproceedings{hy2022temporal,
  title={Temporal multiresolution graph neural networks for epidemic prediction},
  author={Hy, Truong Son and Nguyen, Viet Bach and Tran-Thanh, Long and Kondor, Risi},
  booktitle={Workshop on Healthcare AI and COVID-19},
  pages={21--32},
  year={2022},
  organization={PMLR}
}
@article{Nguyen2023NZSTGNN,
  author = {Viet Bach Nguyen and Truong Son Hy and Long Tran-Thanh and Nhung Nghiem},
  title = {Predicting COVID-19 Pandemic by Spatio-Temporal Graph Neural Networks: A New Zealand’s Study},
  journal = {arXiv preprint},
  year = {2023},
  url = {https://arxiv.org/abs/2305.07731}
}
@article{kipf2016semiGCN,
  author = {Kipf, Thomas N. and Welling, Max},
  title = {Semi-Supervised Classification with Graph Convolutional Networks},
  journal = {arXiv preprint arXiv:1609.02907},
  year = {2016}
}
@article{velivckovic2017GAT,
  author = {Velickovic, Petar and Cucurull, Guillem and Casanova, Arantxa and Romero, Adriana and Lio, Pietro and Bengio, Yoshua},
  title = {Graph Attention Networks},
  journal = {arXiv preprint arXiv:1710.10903},
  year = {2017}
}